@incollection{karp1972reducibility,
    title={Reducibility among combinatorial problems},
    author={Karp, Richard M},
    booktitle={Complexity of computer computations},
    pages={85-103},
    year={1972},
    publisher={Springer}
}

@inbook{chitnis2015parameterized,
    author={Chitnis, Rajesh and Cormode, Graham and Hajiaghayi, MohammadTaghi and Monemizadeh, Morteza},
    title = {Parameterized Streaming: Maximal Matching and Vertex Cover},
    booktitle = {Proceedings of the 2015 Annual ACM-SIAM Symposium on Discrete Algorithms},
    pages = {1234-1251},
    doi = {10.1137/1.9781611973730.82},
    URL = {https://epubs.siam.org/doi/abs/10.1137/1.9781611973730.82},
    eprint = {https://epubs.siam.org/doi/pdf/10.1137/1.9781611973730.82},
    year={2015}
}


@article{chitnis2019towards,
    title={Towards a Theory of Parameterized Streaming Algorithms},
    author={Chitnis, Rajesh and Cormode, Graham},
    journal={arXiv preprint arXiv:1911.09650},
    year={2019}
}

@inproceedings{buss1991nondeterminism,
    title={Nondeterminism within P},
    author={Buss, Jonathan F and Goldsmith, Judy},
    booktitle={Annual Symposium on Theoretical Aspects of Computer Science},
    pages={348-359},
    year={1991},
    organization={Springer}
}

@techreport{hagberg2008exploring,
    author={Hagberg, Aric A and Schult, Daniel A and Swart, Pieter J},
    title={Exploring Network Structure, Dynamics, and Function using NetworkX},
    booktitle={Proceedings of the 7th Python in Science Conference},
    pages={11-15},
    address={Pasadena, CA USA},
    year={2008},
    editor={Ga\"el Varoquaux and Travis Vaught and Jarrod Millman},
}

@article{hunter2007matplotlib,
    author={J. D. {Hunter}},
    journal={Computing in Science   Engineering},
    title={Matplotlib: A 2D Graphics Environment},
    year={2007},
    volume={9},
    number={3},
    pages={90-95},
}

@techreport{intellectualpropertyoffice2014,
    title={Eight great technologies: Big data},
    author={Intellectual Property Office},
    year={2014},
    pages={2},
    url={https://www.gov.uk/government/publications/eight-great-technologies-big-data},
    note={Accessed on 23/07/2020},
}

@book{downey1999parameterized,
    title={Parameterized complexity},
    author={Downey, Rodney G and Fellows, Michael Ralph},
    year={1999},
    publisher={Springer},
    isbn={1461267986},
    series={Monographs in Computer Science},
}

@book{downey2013fundamentals,
    title={Fundamentals of parameterized complexity},
    author={Downey, Rodney G and Fellows, Michael R},
    volume={4},
    publisher={Springer},
    series={Texts in Computer Science},
}

@book{cygan2015parameterized,
    title={Parameterized algorithms},
    author={Cygan, Marek and Fomin, Fedor V and Kowalik, {\L}ukasz and Lokshtanov, Daniel and Marx, D{\'a}niel and Pilipczuk, Marcin and Pilipczuk, Micha{\l} and Saurabh, Saket},
    volume={4},
    number={8},
    publisher={Springer}
}

@article{balasubramanian1998improved,
    title={An improved fixed-parameter algorithm for vertex cover},
    author={Balasubramanian, R and Fellows, Michael R and Raman, Venkatesh},
    journal={Information Processing Letters},
    volume={65},
    number={3},
    pages={163-168},
    year={1998},
    publisher={Elsevier}
}

@article{bostock2011d3,
    author={Bostock, Michael and Ogievetsky, Vadim and Heer, Jeffrey},
    title={D3 Data-Driven Documents},
    year={2011},
    issue_date={December 2011},
    publisher={IEEE Educational Activities Department},
    address={USA},
    volume={17},
    number={12},
    issn={1077-2626},
    url={https://doi.org/10.1109/TVCG.2011.185},
    doi={10.1109/TVCG.2011.185},
    journal={IEEE Transactions on Visualization and Computer Graphics},
    month=dec,
    pages={2301–2309},
    numpages={9},
}

@article{grandjean2016social,
    author = {Grandjean, Martin},
    title = {A social network analysis of Twitter: Mapping the digital humanities community},
    journal = {Cogent Arts \& Humanities},
    volume = {3},
    number = {1},
    year = {2016},
    publisher = {Cogent},
    doi = {10.1080/23311983.2016.1171458},
    URL = {http://doi.org/10.1080/23311983.2016.1171458}
}

@article{vecchio2016brain,
    author = {Vecchio, Fabrizio and Miraglia, Francesca and Piludu, Francesca and Granata, Giuseppe and Romanello, Roberto and Caulo, Massimo and Onofrj, Valeria and Bramanti, Placido and Colosimo, Cesare and Rossini, Paolo},
    year = {2016},
    month = {03},
    pages = {473-485},
    title = {“Small World” architecture in brain connectivity and hippocampal volume in Alzheimer’s disease: a study via graph theory from EEG data},
    volume = {11},
    journal = {Brain Imaging and Behavior},
    doi = {10.1007/s11682-016-9528-3}
}

@article{fellows1988complexity,
    title={On the complexity of vertex cover problems},
    author={Fellows, Michael R},
    journal={Technical report, Computer Science Department, University of New Mexico},
    year={1988}
}

@misc{matplotlib2003copyright,
    author       = {Matplotlib},
    title        = {Copyright Policy},
    url          = {https://matplotlib.org/users/license.html#copyright-policy},
    note         = {Accessed on 27/07/20},
}

@article{kamada1989drawing,
    title = "An algorithm for drawing general undirected graphs",
    journal = "Information Processing Letters",
    volume = "31",
    number = "1",
    pages = "7 - 15",
    year = "1989",
    issn = "0020-0190",
    doi = "https://doi.org/10.1016/0020-0190(89)90102-6",
    url = "http://www.sciencedirect.com/science/article/pii/0020019089901026",
    author = "Tomihisa Kamada and Satoru Kawai",
    keywords = "Graph, network structure, layout, drawing algorithm"
}

@INPROCEEDINGS{ellson2003graphviz,
    author = {John Ellson and Emden R. Gansner and Eleftherios Koutsofios and Stephen C. North and Gordon Woodhull},
    title = {Graphviz and dynagraph – static and dynamic graph drawing tools},
    booktitle = {GRAPH DRAWING SOFTWARE},
    year = {2003},
    pages = {127--148},
    publisher = {Springer-Verlag}
}

@article{fruchterman1991graph,
    title={Graph drawing by force-directed placement},
    author={Fruchterman, Thomas MJ and Reingold, Edward M},
    journal={Software: Practice and experience},
    volume={21},
    number={11},
    pages={1129--1164},
    year={1991},
    publisher={Wiley Online Library}
}
